/home/sergey/OneDrive/saprikin.sm@pdpu.edu.ua/Bibliography/bibliography.utf8.bib